@online{LearnOverleaf2022,
	author = {Overleaf},
	title = {Learn LaTeX in 30 minutes - Overleaf, Online LaTeX Editor},
	year = {2022},
	url = {https://www.overleaf.com/learn/latex/Learn_LaTeX_in_30_minutes},
	note = {Accessed: 04/11/2022}
}

@online{UnivespME2016,
	author = {Universidade Virtual do Estado de São Paulo},
	title = {Estrutura de Dados - Aula 14 - Matriz esparsa},
	year = {2016},
	url = {https://www.youtube.com/watch?v=C_ePgrEbLs0&t=689s&ab_channel=UNIVESP},
	note = {Accessed: 24/10/2022}
}

@online{CppFilesShmeowlex2021,
	author = {Shmeowlex},
	title = {C++ File Input and Output},
	year = {2021},
	url = {https://www.youtube.com/watch?v=LIxwbvKRFAg&t=354s&ab_channel=Shmeowlex},
	note = {Acessado em: 04/11/2022}
}

@online{ArquivosCFB2017,
	author = {Bruno P. Campos},
	title = {Curso de C++ \#51 - Operações com arquivos (ifstream) - Parte 2},
	year = {2017},
	url = {https://www.youtube.com/watch?v=Tczymt0OkYo&ab_channel=CFBCursos},
	note = {Acessado em: 04/11/2022}
}

@online{Brownlee2018,
	author = {Jason Brownlee},
	title = {A Gentle Introduction to Sparse Matrices for Machine Learning},
	year = {2018},
	url = {https://machinelearningmastery.com/sparse-matrices-for-machine-learning/},
	note = {Acessado em: 07/11/2022}
}

@online{Cerebras2019,
	author = {Argonne National Laboratory},
	title = {Argonne National Laboratory Deploys Cerebras CS-1, the World's Fastest Artificial Intelligence Computer},
	year = {2019},
	url = {https://www.anl.gov/articles/argonne-national-laboratory-deploys-cerebras-cs-1-worlds-fastest-artificial-intelligence-computer},
	note = {Acessado em: 07/11/2022}
}